<record><leader>00000cas a22000007a 4500</leader><controlfield tag="001">24498300</controlfield><controlfield tag="008">911004d18951895nhuwr ne      0    0eng d</controlfield><datafield ind1=" " ind2=" " tag="010"><subfield code="a">sn 91063285 </subfield></datafield><datafield ind1=" " ind2=" " tag="040"><subfield code="a">NVH</subfield><subfield code="b">eng</subfield><subfield code="c">NVH</subfield><subfield code="d">OCLCQ</subfield></datafield><datafield ind1=" " ind2=" " tag="042"><subfield code="a">msc</subfield></datafield><datafield ind1="0" ind2="0" tag="245"><subfield code="a">New Hampshire Congregational record.</subfield></datafield><datafield ind1=" " ind2=" " tag="260"><subfield code="a">Concord, N.H. :</subfield><subfield code="b">Republican Press Association</subfield></datafield><datafield ind1=" " ind2=" " tag="300"><subfield code="a">v.</subfield></datafield><datafield ind1=" " ind2=" " tag="310"><subfield code="a">Weekly</subfield></datafield><datafield ind1="0" ind2=" " tag="362"><subfield code="a">Vol. 1, no. 1 (Apr. 5, 1895)-v. 1, no. 18 (Aug. 2, 1895).</subfield></datafield><datafield ind1=" " ind2=" " tag="752"><subfield code="a">United States</subfield><subfield code="b">New Hampshire</subfield><subfield code="c">Merrimack</subfield><subfield code="d">Concord.</subfield></datafield><datafield ind1="0" ind2="7" tag="785"><subfield code="t">New Hampshire journal (Concord, N.H. : 1881)</subfield><subfield code="w">(DLC)sn 91063283</subfield></datafield><datafield ind1="0" ind2="7" tag="785"><subfield code="t">Congregational record and New Hampshire journal</subfield><subfield code="w">(DLC)sn 91063284</subfield></datafield></record>